<collection>
    <record name="Tagname">&gt;
        <leader>02218nam a2200637 c 4500</leader>
        <controlfield tag="001">997020655103340</controlfield>
        <controlfield tag="005">20220704101451.0</controlfield>
        <controlfield tag="007">cr#|||||||||||</controlfield>
        <controlfield tag="008">190219s2018    ||||||||o|||| 00||||ger</controlfield>
        <controlfield tag="009">AC15290932</controlfield>
        <datafield tag="020" ind1=" " ind2=" ">
            <subfield code="a">9783406722394</subfield>
        </datafield>
        <datafield tag="020" ind1=" " ind2=" ">
            <subfield code="a">9783406722394</subfield>
        </datafield>
        <datafield tag="035" ind1=" " ind2=" ">
            <subfield code="a">(AT-OBV)AC15290932</subfield>
        </datafield>
        <datafield tag="035" ind1=" " ind2=" ">
            <subfield code="a">(OCoLC)1059571030</subfield>
        </datafield>
        <datafield tag="035" ind1=" " ind2=" ">
            <subfield code="a">(OCoLC)1060998463</subfield>
        </datafield>
        <datafield tag="035" ind1=" " ind2=" ">
            <subfield code="a">(OCoLC)1077752380</subfield>
        </datafield>
        <datafield tag="035" ind1=" " ind2=" ">
            <subfield code="a">(DE-599)OBVAC15290932</subfield>
        </datafield>
        <datafield tag="035" ind1=" " ind2=" ">
            <subfield code="a">(EXLNZ-43ACC_NETWORK)99144893384803331</subfield>
        </datafield>
        <datafield tag="040" ind1=" " ind2=" ">
            <subfield code="a">AT-UBWW</subfield>
            <subfield code="b">ger</subfield>
            <subfield code="d">AT-UBI</subfield>
            <subfield code="e">rda</subfield>
        </datafield>
        <datafield tag="041" ind1=" " ind2=" ">
            <subfield code="a">ger</subfield>
        </datafield>
        <datafield tag="044" ind1=" " ind2=" ">
            <subfield code="c">XA-DE-BY</subfield>
        </datafield>
        <datafield tag="082" ind1="0" ind2="4">
            <subfield code="a">343.4304</subfield>
            <subfield code="q">DE-101</subfield>
            <subfield code="2">23/ger</subfield>
        </datafield>
        <datafield tag="084" ind1=" " ind2=" ">
            <subfield code="a">340</subfield>
            <subfield code="q">DE-101</subfield>
            <subfield code="2">sdnb</subfield>
        </datafield>
        <datafield tag="084" ind1=" " ind2=" ">
            <subfield code="a">PP 3020</subfield>
            <subfield code="2">rvk</subfield>
        </datafield>
        <datafield tag="100" ind1="1" ind2=" ">
            <subfield code="a">Grashoff, Dietrich</subfield>
            <subfield code="d">1966-</subfield>
            <subfield code="0">(DE-588)113632029</subfield>
            <subfield code="4">aut</subfield>
        </datafield>
        <datafield tag="240" ind1="1" ind2="0">
            <subfield code="a">Aktuelles Steuerrecht</subfield>
        </datafield>
        <datafield tag="245" ind1="1" ind2="0">
            <subfield code="a">Grundz&#252;ge des Steuerrechts</subfield>
            <subfield code="b">alle wichtigen Steuerarten, internationales Steuerrecht, Verfahrensrecht</subfield>
            <subfield code="c">von Prof. Dr. Dietrich Grashoff, Wirtschaftspr&#252;fer, Rechtsanwalt und Steuerberater, Fachanwalt f&#252;r Steuerrecht, Honorarprofessor an der Universit&#228;t Bremen</subfield>
        </datafield>
        <datafield tag="250" ind1=" " ind2=" ">
            <subfield code="a">14. Auflage, Gesetzesstand 1. Mai 2018</subfield>
        </datafield>
        <datafield tag="264" ind1=" " ind2="1">
            <subfield code="a">M&#252;nchen</subfield>
            <subfield code="b">C.H. Beck</subfield>
            <subfield code="c">[2018]</subfield>
        </datafield>
        <datafield tag="300" ind1=" " ind2=" ">
            <subfield code="a">1 Online-Ressource</subfield>
        </datafield>
        <datafield tag="336" ind1=" " ind2=" ">
            <subfield code="b">txt</subfield>
        </datafield>
        <datafield tag="337" ind1=" " ind2=" ">
            <subfield code="b">c</subfield>
        </datafield>
        <datafield tag="338" ind1=" " ind2=" ">
            <subfield code="b">cr</subfield>
        </datafield>
        <datafield tag="347" ind1=" " ind2=" ">
            <subfield code="a">Textdatei</subfield>
        </datafield>
        <datafield tag="490" ind1="0" ind2=" ">
            <subfield code="a">Beck Steuer-Praxis</subfield>
        </datafield>
        <datafield tag="500" ind1=" " ind2=" ">
            <subfield code="a">Bis zur 13. Auflage unter dem Titel "Aktuelles Steuerrecht"</subfield>
        </datafield>
        <datafield tag="653" ind1=" " ind2=" ">
            <subfield code="a">Abgabenordnung</subfield>
        </datafield>
        <datafield tag="653" ind1=" " ind2=" ">
            <subfield code="a">Steuergesetze</subfield>
        </datafield>
        <datafield tag="653" ind1=" " ind2=" ">
            <subfield code="a">Internationales Steuerrecht</subfield>
        </datafield>
        <datafield tag="653" ind1=" " ind2=" ">
            <subfield code="a">Einf&#252;hrung</subfield>
        </datafield>
        <datafield tag="653" ind1=" " ind2=" ">
            <subfield code="a">Einkommensteuergesetz</subfield>
        </datafield>
        <datafield tag="653" ind1=" " ind2=" ">
            <subfield code="a">Gesetzes&#228;nderungen</subfield>
        </datafield>
        <datafield tag="653" ind1=" " ind2=" ">
            <subfield code="a">Steuerarten</subfield>
        </datafield>
        <datafield tag="653" ind1=" " ind2=" ">
            <subfield code="a">Verfahrensrecht</subfield>
        </datafield>
        <datafield tag="653" ind1=" " ind2=" ">
            <subfield code="a">W-RSW_Rabatt</subfield>
        </datafield>
        <datafield tag="653" ind1=" " ind2=" ">
            <subfield code="a">Recht/Steuern</subfield>
        </datafield>
        <datafield tag="655" ind1=" " ind2="7">
            <subfield code="a">Lehrbuch</subfield>
            <subfield code="0">(DE-588)4123623-3</subfield>
            <subfield code="2">gnd-content</subfield>
        </datafield>
        <datafield tag="689" ind1="0" ind2="0">
            <subfield code="a">Deutschland</subfield>
            <subfield code="D">g</subfield>
            <subfield code="0">(DE-588)4011882-4</subfield>
        </datafield>
        <datafield tag="689" ind1="0" ind2="1">
            <subfield code="a">Steuerrecht</subfield>
            <subfield code="D">s</subfield>
            <subfield code="0">(DE-588)4116614-0</subfield>
        </datafield>
        <datafield tag="689" ind1="0" ind2=" ">
            <subfield code="5">AT-OBV</subfield>
            <subfield code="5">DE-101</subfield>
            <subfield code="5">DE-101</subfield>
        </datafield>
        <datafield tag="710" ind1="2" ind2=" ">
            <subfield code="a">Verlag C.H. Beck</subfield>
            <subfield code="0">(DE-588)1023902869</subfield>
            <subfield code="4">pbl</subfield>
        </datafield>
        <datafield tag="776" ind1="0" ind2="8">
            <subfield code="i">Erscheint auch als</subfield>
            <subfield code="n">Druck-Ausgabe</subfield>
            <subfield code="z">9783406722394</subfield>
        </datafield>
        <datafield tag="856" ind1="4" ind2="0">
            <subfield code="u">https://beck-online.beck.de/?vpath=bibdata/komm/GrashoffHdBStR_14/cont/GrashoffHdBStR.htm</subfield>
            <subfield code="x">Verlag</subfield>
            <subfield code="3">Volltext</subfield>
        </datafield>
        <datafield tag="912" ind1=" " ind2=" ">
            <subfield code="a">ZDB-18-BEO</subfield>
        </datafield>
        <datafield tag="912" ind1=" " ind2=" ">
            <subfield code="a">ZDB-18-BOS</subfield>
        </datafield>
        <datafield tag="912" ind1=" " ind2=" ">
            <subfield code="a">ZDB-18-BOH</subfield>
        </datafield>
        <datafield tag="970" ind1="4" ind2=" ">
            <subfield code="b">DE-101</subfield>
        </datafield>
        <datafield tag="970" ind1="2" ind2=" ">
            <subfield code="a">AT-UBWW</subfield>
        </datafield>
    </record>